%Fedrate learning concept
@article{Saha2020FederatedTL,
	title={Federated Transfer Learning: concept and applications},
	author={Sudipan Saha and Tahir Ahmad},
	journal={Intelligenza Artificiale},
	year={2020},
	volume={15},
	pages={35-44}
}


%servey deep learning in medical
@article{Litjens2017ASO,
	title={A survey on deep learning in medical image analysis},
	author={Geert J. S. Litjens and Thijs Kooi and Babak Ehteshami Bejnordi and Arnaud Arindra Adiyoso Setio and Francesco Ciompi and Mohsen Ghafoorian and Jeroen van der Laak and Bram van Ginneken and Clara I. S{\'a}nchez},
	journal={Medical image analysis},
	year={2017},
	volume={42},
	pages={
	60-88
	}
}

%NIID expirence
@article{Li2021FederatedLO,
	title={Federated Learning on Non-IID Data Silos: An Experimental Study},
	author={Q. Li and Yiqun Diao and Quan Chen and Bingsheng He},
	journal={2022 IEEE 38th International Conference on Data Engineering (ICDE)},
	year={2021},
	pages={965-978}
}


%personalize federate learning
@article{Tan2021TowardsPF,
	title={Towards Personalized Federated Learning},
	author={Alysa Ziying Tan and Han Yu and Li-zhen Cui and Qiang Yang},
	journal={IEEE transactions on neural networks and learning systems},
	year={2021},
	volume={PP}
}

%FedAvg
@inproceedings{McMahan2016CommunicationEfficientLO,
	title={Communication-Efficient Learning of Deep Networks from Decentralized Data},
	author={H. B. McMahan and Eider Moore and Daniel Ramage and Seth Hampson and Blaise Ag{\"u}era y Arcas},
	booktitle={International Conference on Artificial Intelligence and Statistics},
	year={2016}
}

%FedProx
@article{Sahu2018FederatedOI,
	title={Federated Optimization in Heterogeneous Networks},
	author={Anit Kumar Sahu and Tian Li and Maziar Sanjabi and Manzil Zaheer and Ameet Talwalkar and Virginia Smith},
	journal={arXiv: Learning},
	year={2018}
}

%FedAMP
@inproceedings{Huang2020PersonalizedCF,
	title={Personalized Cross-Silo Federated Learning on Non-IID Data},
	author={Yutao Huang and Lingyang Chu and Zirui Zhou and Lanjun Wang and Jiangchuan Liu and Jian Pei and Yong Zhang},
	booktitle={AAAI Conference on Artificial Intelligence},
	year={2020}
}

%FPFC
@article{Yu2022ClusteredFL,
	title={Clustered Federated Learning based on Nonconvex Pairwise Fusion},
	author={Xue Yu and Ziyi Liu and Yifan Sun and Wu Wang},
	journal={ArXiv},
	year={2022},
	volume={abs/2211.04218}
}

%L2GD
@article{Hanzely2020FederatedLO,
	title={Federated Learning of a Mixture of Global and Local Models},
	author={Filip Hanzely and Peter Richt{\'a}rik},
	journal={ArXiv},
	year={2020},
	volume={abs/2002.05516}
}

%IFCA
@article{Ghosh2020AnEF,
	title={An Efficient Framework for Clustered Federated Learning},
	author={Avishek Ghosh and Jichan Chung and Dong Yin and Kannan Ramchandran},
	journal={IEEE Transactions on Information Theory},
	year={2020},
	volume={68},
	pages={8076-8091}
}

%servey-NIID_FL
@article{Zhu2021FederatedLO,
	title={Federated Learning on Non-IID Data: A Survey},
	author={Hangyu Zhu and Jinjin Xu and Shiqing Liu and Yaochu Jin},
	journal={ArXiv},
	year={2021},
	volume={abs/2106.06843}
}

%FedBayes
@inproceedings{Zhang2022PersonalizedFL,
	title={Personalized Federated Learning via Variational Bayesian Inference},
	author={Xu Zhang and Yinchuan Li and Wenpeng Li and Kaiyang Guo and Yunfeng Shao},
	booktitle={International Conference on Machine Learning},
	year={2022}
}

%FedSSL
@article{Zhuang2022DivergenceawareFS,
	title={Divergence-aware Federated Self-Supervised Learning},
	author={Weiming Zhuang and Yonggang Wen and Shuai Zhang},
	journal={ArXiv},
	year={2022},
	volume={abs/2204.04385}
}

%FedAWS
@inproceedings{Yu2020FederatedLW,
	title={Federated Learning with Only Positive Labels},
	author={Felix X. Yu and Ankit Singh Rawat and Aditya Krishna Menon and Sanjiv Kumar},
	booktitle={International Conference on Machine Learning},
	year={2020}
}

%virtual data align
@article{Luo2021NoFO,
	title={No Fear of Heterogeneity: Classifier Calibration for Federated Learning with Non-IID Data},
	author={Mi Luo and Fei Chen and D. Hu and Yifan Zhang and Jian Liang and Jiashi Feng},
	journal={ArXiv},
	year={2021},
	volume={abs/2106.05001}
}

%FEDIC
@article{Shang2022FEDICFL,
	title={FEDIC: Federated Learning on Non-IID and Long-Tailed Data via Calibrated Distillation},
	author={Xinyi Shang and Yang Lu and Yiu-ming Cheung and Hanzi Wang},
	journal={2022 IEEE International Conference on Multimedia and Expo (ICME)},
	year={2022},
	pages={1-6}
}

%gama divergence
@article{Li2022RobustAF,
	title={Robust Aggregation for Federated Learning by Minimum $\gamma$-Divergence Estimation},
	author={Cenanning Li and Pin-Han Huang and Yi-Ting Ma and Hung Hung and Su‐Yun Huang},
	journal={Entropy},
	year={2022},
	volume={24}
}

%FedUFO
@article{Zhang2021FederatedLF,
	title={Federated Learning for Non-IID Data via Unified Feature Learning and Optimization Objective Alignment},
	author={Lin Zhang and Yongliang Luo and Yan Bai and Bo Du and Ling-yu Duan},
	journal={2021 IEEE/CVF International Conference on Computer Vision (ICCV)},
	year={2021},
	pages={4400-4408}
}

%FedBN
@article{Li2021FedBNFL,
	title={FedBN: Federated Learning on Non-IID Features via Local Batch Normalization},
	author={Xiaoxiao Li and Meirui Jiang and Xiaofei Zhang and Michael Kamp and Qi Dou},
	journal={ArXiv},
	year={2021},
	volume={abs/2102.07623}
}

%share data
@article{Zhao2018FederatedLW,
	title={Federated Learning with Non-IID Data},
	author={Yue Zhao and Meng Li and Liangzhen Lai and Naveen Suda and Damon Civin and Vikas Chandra},
	journal={ArXiv},
	year={2018},
	volume={abs/1806.00582}
}

%FedRoD
@inproceedings{Chen2022OnBG,
	title={On Bridging Generic and Personalized Federated Learning for Image Classification},
	author={Hong-You Chen and Wei-Lun Chao},
	booktitle={International Conference on Learning Representations},
	year={2022}
}

%FedIIC
@inproceedings{Wu2022FedIICTR,
	title={FedIIC: Towards Robust Federated Learning for Class-Imbalanced Medical Image Classification},
	author={Nannan Wu and Li Yu and Xin Yang and Kwang-Ting Cheng and Zengqiang Yan},
	year={2022}
}

%FedABC
@article{Wang2023FedABCTF,
	title={FedABC: Targeting Fair Competition in Personalized Federated Learning},
	author={Dui Wang and Li Shen and Yong Luo and Han Hu and Kehua Su and Yonggang Wen and Dacheng Tao},
	journal={ArXiv},
	year={2023},
	volume={abs/2302.07450}
}

%dynamic regularization
@article{Acar2021FederatedLB,
	title={Federated Learning Based on Dynamic Regularization},
	author={Durmus Alp Emre Acar and Yue Zhao and Ramon Matas Navarro and Matthew Mattina and Paul N. Whatmough and Venkatesh Saligrama},
	journal={ArXiv},
	year={2021},
	volume={abs/2111.04263}
}

%personal fed
@article{Kulkarni2020SurveyOP,
	title={Survey of Personalization Techniques for Federated Learning},
	author={Viraj Kulkarni and Milind Kulkarni and Aniruddha Pant},
	journal={2020 Fourth World Conference on Smart Trends in Systems, Security and Sustainability (WorldS4)},
	year={2020},
	pages={794-797}
}


%SuperFed
@article{Bi2019ComparisonOC,
	title={Comparison of case-based learning and traditional method in teaching postgraduate students of medical oncology},
	author={Minghong Bi and Zhibiao Zhao and Jingru Yang and Yaping Wang},
	journal={Medical Teacher},
	year={2019},
	volume={41},
	pages={1124 - 1128}
}

%Ditto
@inproceedings{Li2020DittoFA,
	title={Ditto: Fair and Robust Federated Learning Through Personalization},
	author={Tian Li and Shengyuan Hu and Ahmad Beirami and Virginia Smith},
	booktitle={International Conference on Machine Learning},
	year={2020}
}

%PFedME
@article{Dinh2020PersonalizedFL,
	title={Personalized Federated Learning with Moreau Envelopes},
	author={Canh T. Dinh and Nguyen Hoang Tran and Tuan Dung Nguyen},
	journal={ArXiv},
	year={2020},
	volume={abs/2006.08848}
}

%FedPer
@article{Arivazhagan2019FederatedLW,
	title={Federated Learning with Personalization Layers},
	author={Manoj Ghuhan Arivazhagan and V. Aggarwal and Aaditya Kumar Singh and Sunav Choudhary},
	journal={ArXiv},
	year={2019},
	volume={abs/1912.00818}
}

%FedRep
@inproceedings{Collins2021ExploitingSR,
	title={Exploiting Shared Representations for Personalized Federated Learning},
	author={Liam Collins and Hamed Hassani and Aryan Mokhtari and Sanjay Shakkottai},
	booktitle={International Conference on Machine Learning},
	year={2021}
}

%pFedNet
@article{Zhao2023MedicalFM,
	title={Medical Federated Model with Mixture of Personalized and Sharing Components},
	author={Yawei Zhao and Qinghe Liu and Xinwang Liu and Kunlun He},
	journal={ArXiv},
	year={2023},
	volume={abs/2306.14483}
}

%BACC
@inproceedings{Wu2022FederatedLW,
	title={Federated Learning with Imbalanced and Agglomerated Data Distribution for Medical Image Classiﬁcation},
	author={Nannan Wu and Li Yu and Xin Yang and Kwang-Ting Cheng and Zengqiang Yan},
	year={2022}
}

%IoU
@article{Cai2019CascadeRH,
	title={Cascade R-CNN: High Quality Object Detection and Instance Segmentation},
	author={Zhaowei Cai and Nuno Vasconcelos},
	journal={IEEE Transactions on Pattern Analysis and Machine Intelligence},
	year={2019},
	volume={43},
	pages={1483-1498}
}

%DFUC
@article{Yap2021AnalysisTC,
	title={Analysis Towards Classification of Infection and Ischaemia of Diabetic Foot Ulcers},
	author={Moi Hoon Yap and Bill Cassidy and Joseph M Pappachan and Claire O'Shea and David Gillespie and Neil D. Reeves},
	journal={2021 IEEE EMBS International Conference on Biomedical and Health Informatics (BHI)},
	year={2021},
	pages={1-4}
}

%LUNA16
@article{Yan2020UniversalLD,
	title={Universal Lesion Detection by Learning from Multiple Heterogeneously Labeled Datasets},
	author={Ke Yan and Jinzheng Cai and Adam P. Harrison and Dakai Jin and Jing Xiao and Le Lu},
	journal={ArXiv},
	year={2020},
	volume={abs/2005.13753}
}

%brts
@article{6975210,
	author={Menze, Bjoern H. and Jakab, Andras and Bauer, Stefan and Kalpathy-Cramer, Jayashree and Farahani, Keyvan and Kirby, Justin and Burren, Yuliya and Porz, Nicole and Slotboom, Johannes and Wiest, Roland and Lanczi, Levente and Gerstner, Elizabeth and Weber, Marc-André and Arbel, Tal and Avants, Brian B. and Ayache, Nicholas and Buendia, Patricia and Collins, D. Louis and Cordier, Nicolas and Corso, Jason J. and Criminisi, Antonio and Das, Tilak and Delingette, Hervé and Demiralp, Çağatay and Durst, Christopher R. and Dojat, Michel and Doyle, Senan and Festa, Joana and Forbes, Florence and Geremia, Ezequiel and Glocker, Ben and Golland, Polina and Guo, Xiaotao and Hamamci, Andac and Iftekharuddin, Khan M. and Jena, Raj and John, Nigel M. and Konukoglu, Ender and Lashkari, Danial and Mariz, José António and Meier, Raphael and Pereira, Sérgio and Precup, Doina and Price, Stephen J. and Raviv, Tammy Riklin and Reza, Syed M. S. and Ryan, Michael and Sarikaya, Duygu and Schwartz, Lawrence and Shin, Hoo-Chang and Shotton, Jamie and Silva, Carlos A. and Sousa, Nuno and Subbanna, Nagesh K. and Szekely, Gabor and Taylor, Thomas J. and Thomas, Owen M. and Tustison, Nicholas J. and Unal, Gozde and Vasseur, Flor and Wintermark, Max and Ye, Dong Hye and Zhao, Liang and Zhao, Binsheng and Zikic, Darko and Prastawa, Marcel and Reyes, Mauricio and Van Leemput, Koen},
	journal={IEEE Transactions on Medical Imaging}, 
	title={The Multimodal Brain Tumor Image Segmentation Benchmark (BRATS)}, 
	year={2015},
	volume={34},
	number={10},
	pages={1993-2024},
	doi={10.1109/TMI.2014.2377694}}


